% bib items for tessellation routines. 
