@Book{ABRW-STGN,
    editor = {Milton Abramowitz and Irene A. Stegun},
    title = {Handbook of Mathematical Functions},
    edition = {10},
    publisher ={Dover},
    year = 1972
}

@Book{Hildebrand,
    author = {F. B. Hildebrand},
    title = {Introduction to Numerical Analysis},
    edition = {2},
    publisher= {Dover},
    year = 1974
}

@Book{conics2004,
  editor =	 {Wolfgang Domke and David R. Yarkony and Horst K\"oppel},
  title = 	 {Conical Intersections},
  publisher = 	 {World Scientific},
  year = 	 2004,
  volume =	 15,
  series =	 {Advanced Series in Physical Chemistry}
}

@Book{geophase,
  author =	 {A. Bohm and A. Mostafazadeh and H. Koizumi and Q. Niu and J. Zwanziger},
  title = 	 {The Geometric Phase in Quantum Systems},
  publisher = 	 {Springer},
  year = 	 2003
}

@Article{FEMDVR2000,
    author = {T. N. Rescigno and C. W. McCurdy},
    title = {Numerical grid methods for quantum-mechanical scattering problems},
    journal = {Phys. Rev. A},
    year = 2000,
    volume = 62,
    pages = 032706
}

@Article{DVR1986,
  author = {J. V. Lill and Gregory A. Parker and John C. Light},
  title = {The discrete variable-finite basis approach to quantum scattering},
  journal = {J. Chem. Phys.},
  year = 1986,
  volume = 85,
  pages =900
}

@Article{DVR1990,
    author = {Z. Ba\v{c}i\'{c} and J. D. Kress and G. A. Parker and R. T Pack},
    title = {Quantum reactive scattering in three dimensions using hyperspherical (APH) coordinates. IV. Discrete variable representation (DVR) basis functions and the analysis of accurate results for F+H$_2$},
    journal = {J. Chem. Phys},
    year = 1990,
    volume = 92,
    pages = 2344
}

@Article{CD3T,
    author = {Claude Brezinski},
    title = {A direct proof of the Christoffel-Darboux identity and its equivalence to the recurrance relationship},
    journal = {J. Comp. Phys.},
    year = 1990,
    volume = 32,
    pages = 17
}
    
 

@Article{Kendrick1997,
  author = 	 {Brian Kendrick and Russell {T Pack}},
  title = 	 {Geometric phase effets in the resonance spectrum, state-to-state transition probabilities and bound state spectrum of {HO}_2},
  journal = 	 {J. Chem. Phys. },
  year = 	 1997,
  volume =	 106,
  pages =	 3519
}

@Article{Kendrick1997prl,
	author = {Brian Kendrick},
	title = {Geometric Phase Effects in the Vibrational Spectrum of $Na_3(X)$},
	journal = {Phys. Rev. Lett.},
	year = 1997,
	volume = 79, 
	pages = 2431
}

@Article{Wu1991,
	author = {Y.-S. M. Wu and A. Kupperman and B. Lepetit},
	title = {Theoretical calculation of experimentally observable consequences of the geometric phase on chemical reaction cross sections},
	journal  = {Chem. Phys. Lett.},
	year = 1991,
	volume = 186,
	pages = 319
}

@Article{Busch1998,
	author = {H. {von} Busch and Vas Dev and H.-A. Eckel and S. Kasahara and J. Wang and W. Demtr\"oder and P. Sebald and W. Meyer},
	title = {Unambiguous Proof for Berry's Phase in the Sodium Trimer: Analysis of the Transition $A^2E^{\prime\prime} \leftarrow X^2E^\prime},
	journal = {Phys. Rev. Lett.},
	year = 1998,
	volume = 81,
	pages = 4584
}

@Article{Busch1998Err,
	author = {H. {von} Busch and Vas Dev and H.-A. Eckel and S. Kasahara and J. Wang and W. Demtr\"oder and P. Sebald and W. Meyer},
	title = {Erratum: Unambiguous Proof for Berry's Phase in the Sodium Trimer: Analysis of the Transition $A^2E^{\prime\prime} \leftarrow X^2E^\prime},
	journal = {Phys. Rev. Lett.},
	year = 1998,
	volume = 82,
	pages = 3560
}
	

@Article{Marinescu1995,
 author = {M. Marinescu and A. Dalgarno},
 title = {Dispersion forces and long-range electronic transition dipole moments of alkali-metal dimer excited states},
 journal = {Phys. Rev. A},
 year = {1995},
 volume = 52, 
 pages=311
 }
 

@Article{Kendrick1996,
  author = 	 {Brian Kendrick and Russel {T Pack}},
  title = 	 {Geometric phase effects in {H}+{O}_2 scattering. I. Surface function solutions in the presence of a conical intersection},
  journal = 	 {J. Chem. Phys.},
  year = 	 1996,
  volume =	 104,
  pages =	 7475
}

@Article{Parker2003,
  author = 	 {F. D. Colavecchia and J. P. Burke, Jr. and W. J. Stevens and M. R. Salazar and G. A. Parker and R. {T Pack}},
  title = 	 {The potential energy surface for spin-aligned Li3 and the potential energy curve for spin-aligned Li2},
  journal = 	 {J. Chem. Phys.},
  volume = 	 118,
  pages = 	 5484,
  year = 	 2003
}

@misc{MOLPRO,
title={MOLPRO, a package of ab initio programs designed by {H.-J.~Werner}
and {P.~J. Knowles}, version 2002.6},
author={
R. D. Amos and
A. Bernhardsson and
A. Berning and
P. Celani and
D. L. Cooper and
M. J. O. Deegan and
A. J. Dobbyn and
F. Eckert and
C. Hampel and 
G. Hetzer and
P. J. Knowles and
T. Korona and
R. Lindh and
A. W. Lloyd and
S. J. {McNicholas} and
F. R. Manby and
W. Meyer and 
M. E. Mura and
A. Nicklass and
P. Palmieri and
R. Pitzer and
G. Rauhut and
M. {Sch\"{u}tz} and
U. Schumann and
H. Stoll and
A. J. Stone and
R. Tarroni and
T. Thorsteinsson and
H.-J. Werner
},
address={Birmingham, UK},
year={2002},
}

@Misc{RiemannSheetMW,
  author =	 {Eric Weisstein},
  title =	 {Riemann Surface},
  howpublished = {MathWorld: Wolfram Web Resource http://mathworld.wolfram.com/RiemannSurface.html }
}

@Misc{HermitePolyMW,
    author = {Eric Weisstein},
    title = {Legendre Polynomial},
    howpublished = {From MathWorld--A Wolfram Web Resource. https://mathworld.wolfram.com/HermitePolynomial.html}
}

@Misc{HermiteWiki,
    title={Hermite polynomials},
    howpublished={https://en.wikipedia.org/wiki/Hermite{\_}polynomials}
}


@Misc{LegendrePoly,
    author = {Eric Weisstein},
    title = {Legendre Polynomial},
    howpublished = {From MathWorld--A Wolfram Web Resource. http://mathworld.wolfram.com/LegendrePolynomial.html}
}

@Misc{LobattoQuad,
    author = {Eric Weisstein},
    title = {Lobatto Quadrature},
    howpublished = {From MathWorld--A Wolfram Web Resource. http://mathworld.wolfram.com/LobattoQuadrature.html}
}


@Book{Ohrn,
  author =	 {Yngve Ohrn},
  title = 	 {Elements of Molecular Symmetry},
  publisher = 	 {John Wiley and Sons},
  year = 	 2000
}


@Article{APH,
  author = 	 {Russell {T Pack} and Gregory A. Parker},
  title = 	 {Quantum reactive scattering in three dimensions using hyperspherical (APH) coordinates. Theory},
  journal = 	 {J. Chem. Phys},
  year = 	 1987,
  volume =	 87,
  number =       7,
  pages =	 3888
}

@Article{SBK,
  author = 	 {W. J. Stevens and H. Basch and M. Krauss},
  title = 	 {Compact effective potentials and efficient shared-exponent basis sets for the first- and second-row atoms},
  journal = 	 {J.Chem. Phys.},
  year = 	 1984,
  volume =	 81,
  pages =	 6026
}

@Book{deBoor,
  author =	 {Carl de Boor},
  title = 	 {A Practical Guide to Splines, revised edition},
  publisher = 	 {Springer},
  year = 	 2001
}

@Misc{Schadow,
  author =	 {W. Schadow},
  title =	 {B-spline subroutine suite: bspllib.tgz},
  howpublished = {Netlib},
  year =	 2001
}

@Article{Higgins2000,
  author = 	 {J. Higgins and T. Hollebeek and J. Reho and T.-S. Ho and K. K. Lehmann and H. Rabitz and G. Scoles and Maciej Gutowski},
  title = 	 {On the importance of exchange effects in three-body interactions: The lowest quartet state of $Na_3$},
  journal = 	 {J. Chem. Phys.},
  year = 	 2000,
  volume =	 112,
  pages =	 5751
}

@Book{Bohm2003,
  author =       {A. Bohm and A. Mostafazadeh and H. Koizumi and Q. Niu and J. Zwanziger},
  title =        {The Geometric Phase in Quantum Systems: Foundations, Mathematical Concepts, and Applications in Molecular and Condensed Matter Physics},
  publisher =    {Springer},
  year =         2003
}


@Article{Yarkony1996,
  author = 	 {David Yarkony},
  title = 	 {On the role of conical intersections in photodissociation. V. Conical intersections and the geometric phase in the photodissociation of methyl mercaptan},
  journal = 	 {J. Chem. Phys.},
  year = 	 1996
}

@Article{Mead1992,
  author = 	 {C. Alden Mead},
  title = 	 {The geometric phase in molecular systems},
  journal = 	 {Rev. Mod. Phys.},
  year = 	 1992,
  pages =	 {51},
  volume =        64,
  number =        1
}

@Article{Herzberg1963,
  author = 	 {G. Herzberg and H. C. Longuet-Higgins},
  title = 	 {Intersection of potential-energy surfaces in polyatomic molecules},
  journal = 	 {Discuss. Faraday Soc. },
  volume =       35,
  pages =       {77},
  year = 	 1963
}

@Article{Berry1984,
  author = 	 {M. V. Berry},
  title = 	 {Quantal phase factors of accompanying adiabatic changes},
  journal = 	 {Proc. R. Soc. London Ser. A},
  year = 	 1984,
  volume =	 392,
  pages =	 {45-57}
}


@Article{Berry-diabolo,
  author = 	 {M. V. Berry and M. Wilkinson},
  title = 	 {Diabolical points in the spectra of triangles},
  journal = 	 {Proc. R. Soc. London Ser. A},
  year = 	 1984,
  volume =	 392,
  pages =	 {15-43}
}

@Article{Yarkony-diabolo,
  author = 	 {David R. Yarkony},
  title = 	 {On the role of conical intersections in photodissociation. V. Conical intersections and the geometric phase in the photodissociation of methyl mercaptan},
  journal = 	 {J. Chem. Phys.},
  year = 	 1996,
  volume =	 104,
  number =	 20,
  pages =        {7866}
}

@Article{Hutson2003,
  author = 	 {Pavel Sold\'an and Marko T. Cvita\v{s} and Jeremy M. Hutson},
  title = 	 {Three-body nonadditive forces between spin-polarized alkali-metal atoms},
  journal = 	 {Phys. Rev. A},
  year = 	 2003,
  volume =	 67,
  pages = 	 {054702}
}

@Article{Hutson2002,
  author = 	 {Pavel Sold\'an and Marko T. Cvita\v{s} and Jeremy M. Hutson and Pascal Honvault and Jean-Michel Launay},
  title = 	 {Quantum Dynamics of Ultracold {N}a + {N}a$_2$ Collisions},
  journal = 	 {Phys. Rev. Lett.},
  year = 	 2002,
  volume =	 89,
  pages = 	 {153201}
}

@Article{Soldan2003,
	author = {Pavel Sold\'an and Marko T. Cvita\v{s} and Jeremy M. Hutson},
	title = {Three-body nonadditive forces between spin-polarized alkali-metal atoms},
	journal = {Phys. Rev. A},
	year = 2003,
	volume = 67,
	pages = {054702}
}

@Article{Truhlar1979,
  author = 	 {C. Alden Mead and Donald G. Truhlar},
  title = 	 {On the determination of Born-Oppenheimer nuclear motion wave functions including complications due to conical intersections and identical nuclei},
  journal = 	 {J. Chem. Phys.},
  year = 	 1979,
  volume =	 70,
  pages =	 2284
}


@Unpublished{NIST,
  author = 	 {R L Kelly},
  title = 	 {Atomic and Ionic Spectrum Lines below 2000 angstroms: Hydrogen through Krypton},
  note = 	 {Unpublished data provided by NIST, {\it http://physics.nist.gov/cgi-bin/AtData/levels\_form}}
}

@Article{Yarkony1998,
  author = {Rovshan G. Sadygov and David R. Yarkony},
  title = {Unusual conical intersections in the Jahn-Teller effect: The electronically excited states of Li_3},
  journal = {J. Chem. Phys.},
  year = 1998,
  volume = 110,
  pages = 3639
}

@Article{Truhlar2003,
  author = {Donald G. Truhlar and C. Alden Mead},
  title = {Relative likelihood of encountering conical intersections and avoided intersections on the potential energy surfaces of polyatomic molecules},
  journal = {Phys. Rev. A},
  year = 2003,
  volume = 68,
  pages = 032501
}


@Article{BerryPhysToday1990,
  author = 	 {Michael Berry},
  title = 	 {Anticipations of the Geometric Phase},
  journal = 	 {Physics Today},
  year = 	 1990,
  volume =	 43,
  number =	 12,
  pages =	 {34-40}
}

@Article{BerrySciAm1988,
  author = 	 {Michael Berry},
  title = 	 {The Geometric Phase},
  journal = 	 {Scientific American},
  year = 	 1988,
  pages =	 {46-52},
  month =	 {December}
}

@Book{Greenwood,
  author =	 {Donald Greenwood},
  title = 	 {Classical Dynamics},
  publisher = 	 {Dover},
  year = 	 1977
}


@Unpublished{Murray1996,
  author = 	 {Michael Murray},
  title = 	 {Line Bundles},
  note = 	 {{\it http://www.maths.adelaide.edu.au/people/mmurray/line\_bundles/line\_bundles.html} },
  year =	 1996
}

@Article{Simon1983,
  author = 	 {Barry Simon},
  title = 	 {Holonomy, the Quantum Adiabatic Theorem, and Berry's Phase},
  journal = 	 {Phys. Rev. Lett.},
  year = 	 1983,
  volume =	 51,
  pages =	 2167
}

@Article{Pancharatnam1956,
  author = 	 {S. Pancharatnam},
  title = 	 {?},
  journal = 	 {Proc. Ind. Acad. Sci.},
  year = 	 1956,
  volume =	 {A 44},
  pages =	 244
}

@Article{Aharonov1959,
  author = 	 {Y. Aharonov and D. Bohm},
  title = 	 {Significance of electromagnetic potentials in quantum theory},
  journal = 	 {Phys. Rev.},
  year = 	 {1959},
  volume =       {115},
  pages =        485
}


@Article{Berry1987N,
  author = 	 {Michael Berry},
  title = 	 {Interpreting the anholonomy of coiled light},
  journal = 	 {Nature},
  year = 	 1987,
  volume =	 326,
  pages =	 277
}

@Book{Conics1,
  editor =	 {Wolfgang Domcke and David R. Yarkony and Horst K\"oppel},
  title = 	 {Conical Intersections},
  publisher = 	 {World Scientific},
  year = 	 2004,
  series =	 {Advanced Series in Physical Chemistry},
}

@Article{Mead1980,
  author = 	 {C. Alden Mead},
  title = 	 {The molecular Aharonov-Bohm effect in bound states},
  journal = 	 {Chem. Phys.},
  year = 	 1980,
  volume =	 49,
  pages =	 23 
}

@Article{Hannay1985,
	 author = {J. H. Hannay},
	 title = {Angle variable holonomy in adiabatic excursion of an integrable Hamiltonian},
	 journal = {J. Phys. A},
	 year = 1985,
	 volume = 18,
	 pages = 221
}


@Misc{riemannpic,
  howpublished = {http://www.eg-models.de/models/Surfaces/Riemann\_Surfaces/2002.05.001/Riemann-Surface\_Preview.gif}
}

@Article{Wu1986,
	author = {Raymond Y. Chaio and Yong-Shi Wu},
	title = {Manifestations of Berry's Topological Phase for the Photon},
	journal = {Phys. Rev. Lett.},
	year = 1986,
	volume = 57,
	pages = 933
}

@Article{Tomita1986,
	author = {Akira Tomita and Raymond Y. Chaio},
	title = {Observation of Berry's Topological Phase by Use of an Optical Fiber},
	journal = {Phys. Rev. Lett.},
	year = 1986,
	volume = 57,
	pages = 937
}

@Article{Arovas1984,
	author = {Daniel Arovas and J. R. Schrieffer and Frank Wilczek},
	title = {Fractional Statistics and the Quantum Hall Effect},
	journal = {Phys. Rev. Lett.},
	year = 1984,
	volume = 53,
	pages = 722
}

@Article{Niemi1985,
	author = {A. J. Niemi and G. W. Semenoff},
	title = {Quantum Holonomy and the Chiral Gauge Anomaly},
	journal = {Phys. Rev. Lett.},
	year = 1985,
	volume = 55,
	pages = 927
}
@Misc{polepend,
  author =	 {Mike Town and John Bird and R. Allan Baker},
  title =	 {South Pole Foucault Pendulum},
  howpublished = {http://www.phys-astro.sonoma.edu/people/students/baker/SouthPoleFoucault.html},
  year =	 2001
}


@Article{Kuppermann1990,
	author = {B. Lepetit and A. Kuppermann},
	title = {Numerical study of the geometric phase in the $H+H_2$ reaction},
	journal = {Chem. Phys. Lett.},
	year = 1990,
	volume = 166,
	pages = 581
}

@Article{Kendrick2005,
	author = {Dmitri Babikov and Brian K. Kendrick and Peng Zhang and Keiji Morokuma},
	title = {Cyclic-N$_3$. II. Significant geometric phase effects in the vibrational spectra},
	journal = {J. Chem. Phys.},
	year = 2005,
	volume = 122,
	pages = 044315
}

@Article{Manolop_Wyatt_1988,
    author = {D. E. Manolopoulos and R. E. Wyatt},
    title = {Quantum scattering via the log derivative version of the Kohn variational principle},
    journal = {Chemical Physics Letters},
    year = 1988,
    volume = 152,
    pages = 23
}

@Book{Dahlquist_gaussquad,
    author = {Germund Dahlquist and \r{A}ke Bj\"orck},
    title = {Numerical Methods},
    publisher = {Prentice Hall},
    year = 1974,
    pages = {302-304}
}

@Book{Dahlquist_NumMeth,
    author = {Germund Dahlquist and \r{A}ke Bj\"orck},
    title = {Numerical Methods},
    publisher = {Prentice Hall},
    year = 1974
}
    
@Book{Burden_gaussquad,
    author = {Richard L. Burden and J. Douglas Faires},
    title = {Numerical Analysis},
    edition = {5},
    publisher = {PWS Publishing Company},
    year = 1993,
    pages = {205-208}
}

@Book{Burden_NumAnalysis,
    author = {Richard L. Burden and J. Douglas Faires},
    title = {Numerical Analysis},
    edition = {5},
    publisher = {PWS Publishing Company},
    year = 1993
}
@Article{Kouri-DAF1,
    title = {Analytic Banded Approximation for the Discretized Free Propagator},
    author = {David K. Hoffman and Naresh Nayar and Omar A. Sharafeddin and D. J. Kouri},
    journal = {J. Phys. Chem.},
    year = 1991,
    volume = 95,
    pages = "8299-8305"
}

@Article{Kouri-DAF2,
    title = {Distributed Approximating Function Theory: A General, Fully Quantal Approach to Wave Propagation},
    author = {David K. Hoffman and Donald J. Kouri},
    year = 1992,
    journal = {J. Phys. Chem},
    volume=96,
    pages="1179-1184"
}

@Article{Kouri-DAF3,
    title = {Monte Carlo Evaluation of Real-Time Feynman Path Integrals for Quantal Many-Body Dynamics: Distributed Approximating Functions and Gaussian Sampling},
    author={Donald J. Kouri and Wei Zhu and Xin Ma and B. Montgomery Pettitt and David K. Hoffman},
    journal = {J. Phys. Chem.},
    year = 1992,
    volume=96,
    pages="9622-9630"
}

@Article{Kouri-DAF4,
    title = {Toward A New Time-Dependent Path Integral Formalism Based on Restricted Quantum Propagators for Physically Realizable Systems},
    author={Donald J. Kouri and David K. Hoffman},
    journal ={J. Phys. Chem.},
    year = 1992,
    volume=96,
    pages="9631-9636"
}

@Article{Kouri-DAF5,
    title = {A Computational Demonstration of the Distrubted Approximating Function Approach to Real Time Quantum Dynamics},
    author={Naresh Nayar and David K. Hoffman and Xin Ma and Donald J. Kouri},
    journal = {J. Phys. Chem.},
    year = 1992, 
    pages = "9637-9643",
    volume = 96
}

@Article{Kouri-DAF6,
    title = {Distributed Approximating Function Theory for an ARbitrary Number of Particles in a Coordinate System-Independent Formalism},
    author={David K. Hoffman and Donald J. Kouri},
    journal={J. Phys. Chem},
    year = 1993,
    pages="4984-4988",
    volume=97
}

@Article{Kouri-DAF7,
    title={Extensions to the distributed approximating functional: The harmonic propagator},
    author={T. L. Marchioro II and Mark Arnold and David K. Hoffman and Wei Zhu and Youhong Huang and Donald J. Kouri},
    year = 1994,
    journal={Phys. Rev. E},
    volume=50,
    pages="2320-2330"
}

    
@Article{DAF-HydroDyn,
    title={Distributed approximating functional approach to Burgers' equation in one and two space dimensions},
    author={G. W. Wei and D. S. Zhang and D. J. Kouri and D. K. Hoffman},
    journal = {Comp. Phys. Comm.},
    year = 1998,
    volume=111,
    pages="93-109"
}

@Article{DAF-Szalay2,
    title={Application of contracted distrubuted approximating functions to solving vibrational
            eigenvalue problems},
    author={Viktor Szalay and Sean C. Smith},
    journal = {J. Chem. Phys.},
    year = 1999, 
    volume=110,
    pages=72
}

@Article{DAF-Szalay1,
    title={Contracted distributed approximating functions: Derivation of non-osciallatory free
        particle and harmonic propagators for Feynman path integration in real time},
    author={Viktor Szalay},
    journal={J. Chem. Phys.},
    volume=108,
    pages=2847,
    year=1998
}

@Article{DAF-Szalay3,
    title={Iterative and direct methods employing distributed approximating functionals for the reconstruction of a potential energy surface from its sampled values},
    author={Viktor Szalay},
    journal={J. Chem. Phys.},
    year = 1999,
    volume=111,
    pages=8804
}

@Misc{HermiteNumMW,
    author = {Eric W. Weisstein},
    journal = {MathWorld, A Wolfram Web Resource},
    howpublished = {http://mathworld.wolfram.com/HermiteNumber.html}
}

@Article{DVR1,
    author={J. C. Light and I. P. Hamilton and J. V. Lill},
    title={Generalized discrete variable approximation in quantum mechanics},
    journal={J. Chem. Phys.},
    year = 1985,
    volume=82,
    pages=1400
}

@Article{DVR2,
    author={J. V. Lill and Gregory A. Parker and John C. Light},
    title = {The discrete variable-finite basis approach to quantum scattering},
    journal = {J. Chem. Phys.},
    year = 1986, 
    volume=85, 
    pages=900
}

@Article{NVS,
    title = {Wavelet-distributed approximating functional method for solving the Navier-Stokes equation},
    author ={G. W. Wei and D. S. Zhang and S. C. Althorpe and D. J. Kouri and D. K. Hoffman},
    journal={Computer Physics Communications},
    volume = 115, 
    pages=18,
    year=1998
}

@Article{Burgers,
    title = {Distributed approximating functional approach to Burgers' equation in one and two space dimensions},
    author={G. W. Wei and D. S. Zhang and D. J. Kouri and D. K. Hoffman},
    journal = {Computer Physics Communications},
    year = 1998, 
    volume=111,
    pages=93
}

@Article{SGWD,
    title={Shannon-Gabor wavelet distributed approximating functional},
    author={D. K. Hoffman and G. W. Wei  and D. S. Zhang and D. J. Kouri},
    journal={Chem. Phys. Lett.},
    year = 1998, 
    volume=287,
    pages=119
}

@Article{QTM,
    title={Quantum wave packet dynamics with trajectories: Implementation with distributed approximating functionals},
    author={Robert E. Wyatt and Donald J. Kouri and David K. Hoffman},
    year=2000,
    journal={J. Phys. Chem.},
    pages=10730,
    volume=112
}

@Article{Morse,
    title={Diatomic Molecules According to the Wave Mechanics. {II}. Vibrational Levels},
    author={Philip M. Morse},
    year = 1929,
    journal = {Phys. Rev.},
    volume = 34,
    pages={57-64}
}
